@preamble{ "\newcommand{\noopsort}[1]{} "
	# "\newcommand{\printfirst}[2]{#1} "
	# "\newcommand{\singleletter}[1]{#1} "
	# "\newcommand{\switchargs}[2]{#2#1} " }


---- VC dimenzia -------------------------------------------------------

@article{blumer1989learnability,
  title={Learnability and the {V}apnik-{C}hervonenkis dimension},
  author={Blumer, Anselm and Ehrenfeucht, Andrzej and Haussler, David and Warmuth, Manfred K},
  journal={Journal of the ACM (JACM)},
  volume={36},
  number={4},
  pages={929--965},
  year={1989},
  publisher={ACM}
}

@article{haussler1994predicting,
  title={Predicting $\{$0, 1$\}$-functions on randomly drawn points},
  author={Haussler, David and Littlestone, Nick and Warmuth, Manfred K},
  journal={Information and Computation},
  volume={115},
  number={2},
  pages={248--292},
  year={1994},
  publisher={Elsevier}
}

@article{chervonenkis1971theory,
  title={Theory of uniform convergence of frequencies of events to their probabilities and problems of search for an optimal solution from empirical data(Average risk minimization based on empirical data, showing relationship of problem to uniform convergence of averages toward expectation value)},
  author={Chervonenkis, AIA and Vapnik, VN},
  journal={Automation and Remote Control},
  volume={32},
  pages={207--217},
  year={1971}
}
